%========================================================
%   L I T E R A T U R V E R Z E I C H N I S 
%========================================================
%
%book: 	 Buch  :author or editor, title, publisher, year 	volume or number, series, address, %edition, month, note, isbn
%article: Zeitungs- oder Zeitschriftenartikel: 	author, title, journal, year 	volume, number, pages, month, note
%booklet 	Gebundenes Druckwerk 	title 	author, howpublished, address, month, year, note
%conference 	Wissenschaftliche Konferenz 	author, title, booktitle, year 	editor, volume or number, series, pages, address, month, organization, publisher, note
%inbook 	Teil eines Buches 	author or editor, title, chapter and/or pages, publisher, year 	volume or number, series, type, address, edition, month, note
%incollection 	Teil eines Buches (z. B. Aufsatz in einem Sammelband) mit einem eigenen Titel 	author, title, booktitle, publisher, year 	editor, volume or number, series, type, chapter, pages, address, edition, month, note
%inproceedings 	Artikel in einem Konferenzbericht 	author, title, booktitle, year 	editor, volume or number, series, pages, address, month, organization, publisher, note
%manual 	Technische Dokumentation 	title 	author, organization, address, edition, month, year, note
%mastersthesis 	Diplom- oder andere Abschlussarbeit (au�er Promotion) 	author, title, school, year 	type, address, month, note
%misc 	beliebiger Eintrag (wenn nichts anderes passt) 	� 	author, title, howpublished, month, year, note
%phdthesis 	Doktor- oder andere Promotionsarbeit 	author, title, school, year 	type, address, month, note
%proceedings 	Konferenzbericht 	title, year 	editor, volume or number, series, address, month, organization, publisher, note
%techreport 	ver�ffentlichter Bericht einer Hochschule oder anderen Institution 	author, title, institution, year 	type, note, number, address, month
%unpublished 	nicht formell ver�ffentlichtes Dokument 	author, title, note 	month, year



@article{AL85,
  title={The timeless way of building. 1979},
  author={Alexander, Christopher},
  journal={Alex-ander, The Production of Houses},
  year={1985}
}

@article{AP94,
    author  = "Agnar Aamodt and Enric Plaza",
    title   = "Case-Based Reasoning: Foundational Issues, Methodological Variations, and System Approaches",
    year    = "1994",
    journal = "AI Communications",
    volume  = "vol. 7",
    number  = "1",
    pages   = "39--59"
}

@inproceedings{AR99,
	title={A Correspondence between Temporal Description Logics.},
	author={Artale, Alessandro and Lutz, Carsten},
	booktitle={Description Logics},
	year={1999}
}

@inproceedings{AR02,
	title={A temporal description logic for reasoning over conceptual schemas and queries},
	author={Artale, Alessandro and Franconi, Enrico and Wolter, Frank and Zakharyaschev, Michael},
	booktitle={JELIA},
	volume={2},
	pages={98--110},
	year={2002},
	organization={Springer}
}

@book{AR10,
	author    = {Artale, Alessandro},
	title     = {Formal methods - Linear Temporal Logic},
	publisher = {University of Bolzano},  
	year      = {2010},
	note     = {Lecture Notes},
}



 
@book{BN13,
  title={Mathematische Logik mit Informatik-Anwendungen},
  author={Bergmann, Eberhard and Noll, Helga},
  volume={187},
  year={2013},
  publisher={Springer-Verlag}
}


@article{BBR12,
    author  = "Ibrahim Bitar and Fatim Beloudha and Ounsa Roudies",
    title   = "A logic and Adaptive Approach for Efficient Diagnosis Systems using CBR",
    year    = "2012",
    journal = "International Journal of Computer Applications",
    volume  = "vol. 39",
    number  = "15",
    pages   = ""
}

@book{BM11,
  title={Domain-level Reasoning for Spoken Dialogue Systems},
  author={B{\"u}hler, Dirk and Minker, Wolfgang},
  year={2011},
  publisher={Springer Science \& Business Media}
}



@article{BM00,
    author  = "Piero Bonissone and Ramon Lopez de Montarras",
    title   = "Fuzzy Case-Based Reasoning Systems",
    year    = "1998",
    journal = "Fuzzy Systems Proceedings, IEEE World Congress on Computational Intelligence ",
    volume  = "vol. 2",
    number  = "",
    pages   = "1350--1354"
}

@article{CL96,
  title={Requirements for a Knowledge Representation System},
  author={Clark, P},
  journal={working notes, available at www. cs. utexas. edu/users/pclark/working\_notes/010. pdf},
  year={1996}
}

@article {CO17,
    title = {Collinsdictionary},
    month = {Aug},
    day = {31},
    year = {2017},
    url = {https://www.collinsdictionary.com/dictionary/english/inference}
}

@article{CWR06,
    author  = "Susan Craw and Nirmalie Wiratunga and Ray Rowe",
    title   = "Learning Adaption Knowledge to Improve Case Based Reasoning",
    year    = "2006",
    journal = "Science Direct - Arificial Intelligence",
    volume  = "vol. 170",
    number  = "16--17",
    pages   = "1175--1192"
}

@inproceedings{DAC98,
  title={Property specification patterns for finite-state verification},
  author={Dwyer, Matthew B and Avrunin, George S and Corbett, James C},
  booktitle={Proceedings of the second workshop on Formal methods in software practice},
  pages={7--15},
  year={1998},
  organization={ACM}
}

@inproceedings{DAC99,
  title={Patterns in property specifications for finite-state verification},
  author={Dwyer, Matthew B and Avrunin, George S and Corbett, James C},
  booktitle={Software Engineering, 1999. Proceedings of the 1999 International Conference on},
  pages={411--420},
  year={1999},
  organization={IEEE}
}

@article {DP17,
    title = {Sourcemaking Design Patterns},
    month = {Sep},
    day = {04},
    year = {2017},
    url = {https://sourcemaking.com/design_patterns},
}


@article {EO17,
    title = {English Oxford Dictionaries},
    month = {Aug},
    day = {30},
    year = {2017},
    url = {https://en.oxforddictionaries.com},
}

@article{FS02,
    author  = "Gavin Finnie and Zhaohao Sun",
    title   = "Similarity and Metrics in Case BasedReasoning",
    year    = "2002",
    journal = "International Journal of Intelligent Systems",
    volume  = "vol.17",
    number  = "3",
    pages   = "273--287"
}


@article{GG16,
 author ={Goranko, Valentin and Antony Galton},
title ={Temporal Logic, Winter Edition 2015, The Stanford Encyclopedia of Philosophy, Edward N. Zalta (ed.),},
note={URL = http://plato.stanford.edu/archives/win2015/entries/logic-temporal/},
year= {Jul.14, 2016}
}

@inproceedings{GL07,
  title={On non-functional requirements},
  author={Glinz, Martin},
  booktitle={Requirements Engineering Conference, 2007. RE'07. 15th IEEE International},
  pages={21--26},
  year={2007},
  organization={IEEE}
}

@book{Goe75,
    author    = "Henry Goertler",
    title     = "Dimensionsanalyse. Eine Theorie der physikalischen Dimensionen mit Anwendungen",
    publisher = "Springer Verlag",
    year      = "1975",
}




@phdthesis{Her04,
    type  = "Dissertation",
	author		= "Peter Hertkorn",
	title		= "Knowledge Discovery in Databases auf der Grundlage dimensionshomogener Funktionen",
	school		= "Institut f{\"u}r Statik und Dynamik der Luft- und Raumfahrtkonstruktionen",
	address	= "Universit{\"a}t Stuttgart",
	year		= "2004"
}



@article{HQP14,
    author  = "Jie Hu and Jin Qi and Yinghong Pen",
    title   = "New CBR adaptation method combining with problem-solution relational analysis for mechanical design",
    year    = "2015",
    journal = "Science Direct - Computers in Industry",
    volume  = "vol. 66",
    number  = "",
    pages   = "41--51"
}

@article{IEEE90,
title={IEEE Standard Glossary of Software Engineering Terminology},
    author={Computer-Society IEEE },
  isbn={9781559370677},
  series={IEEE Std},
  year={1990},
  publisher={IEEE}
}

@inproceedings{IEEE98,
  title={Ieee recommended practice for software requirements specifications},
  author={IEEE Computer Society. Software Engineering Standards Committee and IEEE-SA Standards Board},
  year={1998},
  organization={Institute of Electrical and Electronics Engineers}
}

@book{ISO29148,
  title={ISO/IEC/IEEE 29148: 2011(E): ISO/IEC/IEEE International Standard - Systems and Software Engineering -- Life Cycle Processes --Requirements Engineering},
  year={2011},
  publisher={IEEE}
}

@article{ISO9000,
  title={9000: 2005},
  author={ISO, EN},
  journal={Quality management systems-Fundamentals and vocabulary (ISO 9000: 2005)},
  year={2005}
}

@book{ISTQB15,
 author={International Software Testing Qualifications Board, ISTQB},
  title={Standard Glossary of Terms used in Software Testing Version 3.1},
  year={2015}
}

@article{KA68,
  title={Tense logic and the theory of linear order},
  author={Kamp, Johan Anthony Wilem},
  year={1968}
}


@article{LSB06,
    author  = "Ramon Lopez and David Mc Sherry and Derek Bridge",
    title   = "Retrieval, reuse, revisin, and retention in case based reasoning",
    year    = "2005",
    journal = "The Knowledge Engineering Review",
    volume  = "vol. 20",
    number  = "3",
    pages   = "215--240"
}
@book{MT13,
  title={Managing requirements knowledge},
  author={Maalej, Walid and Thurimella, Anil Kumar},
  year={2013},
  publisher={Springer}
}



@book{PB13,
  title={Pahl/Beitz Konstruktionslehre: Grundlagen erfolgreicher Produktentwicklung. Methoden und Anwendung},
  author={Pahl, Gerhard and Beitz, Wolfgang and Schulz, Hans-Joachim and Jarecki, U},
  year={2013},
isbn={3642295681},
  publisher={Springer-Verlag}
}

@book{PB14,
  title={Pahl/Beitz Konstruktionslehre: Grundlagen erfolgreicher Produktentwicklung. Methoden und Anwendung},
  author={Gerhard Pahl and  Beitz, Wolfgang and Feldhusen, Jörg and Grote, Karl-Heinrich },
  year={2014},
isbn = {1447160258},
  publisher={Springer-Verlag}
}

@phdthesis{Pfa08,
	type  = "Dissertation",
	author		= "Jan Pfaff",
	title		= "Parameterreduktion zur {\"a}hnlichkeitsmechanischen Gewichtsprognose im Flugzeugbau am Beispiel des Tragfl{\"u}gels",
	school		= "Institut f{\"u}r Statik und Dynamik der Luft- und Raumfahrtkonstruktionen",
	address	= "Universit{\"a}t Stuttgart",
	year		= "2008",

}

@book{PR67,
  title={Past, present and future},
  author={Prior, Arthur N},
  volume={154},
  year={1967},
  publisher={Clarendon Press Oxford}
}

@book{PR03,
  title={Time and modality},
  author={Prior, Arthur N},
  year={2003},
  publisher={John Locke Lecture}
}

@book{PH03,
  title={Papers on time and tense},
  author={Prior, Arthur N and Hasle, Per FV},
  year={2003},
  publisher={Oxford University Press on Demand}
}



@conference{RD10,
    author    = "Siripong Roongruangsuwan and Jirapun Daengdej",
    title     = "Test Case Reduction Methods by using CBR",
    booktitle = "55. IWK Internationales Wissenschaftliches Kolloquium",  
    year      = "2010",
    month    = "September"

}

@incollection{RH98a,
	author	= "Stephan Rudolph and Peter Hertkorn",
	title	= "Exploiting Similarity Theory for case based reasoning",
	booktitle= "Artificial Intelligence in Design 1998",
	publisher= "Springer Netherlands",
	editor	= "John Gero, Fay Sudweeks",
	number	= "6",
	series	= "345--362",
	year	= "1998"
}

@conference{RH98b,
    author    = "Stephan Rudolph and Peter Hertkorn",
    title     = "Modellierung von {\"A}hnlichkeits- und Analogiebegriffen f{\"u}r das fallbasierte Schlie\ss{}en in reellwertigen Dom{\"a}nen",
    booktitle = "Proc. of the German Workshop on Case-Based Reasoning (GWCBR 1998)",
    address  = "Berlin",
    year      = "1998"
}

@incollection{RH01,
	author	= "Stephan Rudolph and Peter Hertkorn",
	title	= "Data Mining in Scientific Data",
	booktitle= "Data Mining for Design and Manufacturing",
	publisher= "Springer US",
	editor	= "Dan Braha",
	volume	= "vol. 3",
	pages	= "66--85",
	year	= "2001",
}

@phdthesis{Rud02,
	Type        = {Habilitation},
	author		= "Stephan Rudolph",
	title		= "{\"U}bertragung von {\"A}hnlichkeitsbegriffen",
	school		= "Institut f{\"u}r Statik und Dynamik der Luft- und Raumfahrtkonstruktionen",
	address	= "Universit{\"a}t Stuttgart",
	year		= "2002"
}


@book{Rup14,
  title={Requirements-Engineering und-Management: Aus der Praxis von klassisch bis agil},
  author={Rupp, Chris and others},
  year={2014},
  publisher={Carl Hanser Verlag GmbH Co KG}
}

@book{RP15,
  title={Basiswissen Requirements Engineering: Aus-und Weiterbildung nach IREB-Standard zum Certified Professional for Requirements Engineering Foundation Level},
  author={Rupp, Chris and Pohl, Klaus},
  year={2015},
  publisher={dpunkt. verlag}
}


@book{Son01,
    author    = "Ain Sonin",
    title     = "The physical basis of dimensional analysis",
    publisher = "Department of Mechanical Engineering MIT",
    address  = "Cambridge, MA",
    year      = "2001",
	note = "Lecture notes"
}

@book{SL12,
  title={Basiswissen Softwaretest},
  author={Spillner, Andreas and Linz, Tilo},
  year={2012},
  publisher={dpunkt}
}

@book{Sim13,
    author    = "Volker Simon",
    title     = "Dimensionsanalyse",
    publisher = "Institut f{\"u}r Thermodynamik der Luft- und Raumfahrtkonstruktionen",
   address	= "Universit{\"a}t Stuttgart",
    year      = "2013",
    note     = "Lecture notes"
}

@article{SA95,
  title={NASA systems engineering handbook},
  author={Shishko, Robert and Aster, Robert},
  journal={NASA Special Publication},
  volume={6105},
  year={1995}
}


@book{Szi89,
    author    = "Thomas Szirtes",
    title     = "Applied Dimensional Analysis and Modeling",
    publisher = "McGraw-Hill",
    year      = "1989"
}

@unpublished {SCH96,
author = "Gerhard Schurz",
title = "Einführung in die Aussagen- und Prädikatenlogik",
note = "Lecture Note: University of Salzburg",
year = "1996"
}

@book{TH99,
  title={Knowledge management systems for business},
  author={Thierauf, Robert J},
  year={1999},
  publisher={Greenwood Publishing Group}
}

@unpublished {VDI96, 
note = "VDI Richtlinie 2221",
title = "Methodik zum Entwickeln und Konstruieren technischer Produkte",
year = "1996"
}

@unpublished {VDI77, 
note = "VDI Richtlinie 2222",
title = "Konstruktionsmethodik – Konzipieren technischer Produkte.",
year = "1977"
}


@book{Yar12,
    author    = "L. Yarin",
    title     = "The Pi-Theorem - Applications to Fluid Mechanics and Heat and Mass Transfer",
    publisher = "Springer Berlin Heidelberg",
    year      = "2012",
}

@article{ZJ97,
  title={Four dark corners of requirements engineering},
  author={Zave, Pamela and Jackson, Michael},
  journal={ACM transactions on Software Engineering and Methodology (TOSEM)},
  volume={6},
  number={1},
  pages={1--30},
  year={1997},
  publisher={ACM}
}
